<record><leader>00000cas a22000007a 4500</leader><controlfield tag="001">10765386</controlfield><controlfield tag="008">840523d18161819nhuwr ne      0    0eng d</controlfield><datafield ind1=" " ind2=" " tag="010"><subfield code="a">sn 84023137 </subfield></datafield><datafield ind1=" " ind2=" " tag="040"><subfield code="a">AQM</subfield><subfield code="b">eng</subfield><subfield code="c">AQM</subfield><subfield code="d">OCLCG</subfield><subfield code="d">OCLCQ</subfield><subfield code="d">DLC</subfield><subfield code="d">OCLCA</subfield><subfield code="d">OCLCF</subfield></datafield><datafield ind1="1" ind2=" " tag="029"><subfield code="a">AU@</subfield><subfield code="b">000025820571</subfield></datafield><datafield ind1=" " ind2=" " tag="042"><subfield code="a">msc</subfield></datafield><datafield ind1=" " ind2=" " tag="043"><subfield code="a">n-us-nh</subfield></datafield><datafield ind1="0" ind2="0" tag="050"><subfield code="a">Newspaper</subfield></datafield><datafield ind1="0" ind2="0" tag="245"><subfield code="a">Exeter watchman.</subfield></datafield><datafield ind1="1" ind2="3" tag="246"><subfield code="a">Exeter New Hampshire watchman</subfield><subfield code="f">May 7, 1817-&lt;Oct. 19&gt;, 1819</subfield></datafield><datafield ind1=" " ind2=" " tag="260"><subfield code="a">Exeter, N.H. :</subfield><subfield code="b">H.A. Ranlet</subfield></datafield><datafield ind1=" " ind2=" " tag="300"><subfield code="a">v.</subfield></datafield><datafield ind1=" " ind2=" " tag="310"><subfield code="a">Weekly</subfield></datafield><datafield ind1="1" ind2=" " tag="362"><subfield code="a">Began with Dec. 3, 1816 issue; ceased with Nov. 2, 1819 issue.</subfield><subfield code="z">Cf. Brigham, C.S. Amer. newspapers.</subfield></datafield><datafield ind1=" " ind2=" " tag="500"><subfield code="a">Title ornament containing the words "New Hampshire" added, May 7, 1817.</subfield></datafield><datafield ind1=" " ind2=" " tag="500"><subfield code="a">Publisher: Nathaniel Boardman, 1818-1819.</subfield></datafield><datafield ind1=" " ind2=" " tag="500"><subfield code="a">Printer: John J. Williams, 1818-1819.</subfield></datafield><datafield ind1="4" ind2=" " tag="510"><subfield code="a">Brigham, C.S. Amer. newspapers,</subfield><subfield code="c">p. 457</subfield></datafield><datafield ind1=" " ind2=" " tag="588"><subfield code="a">Description based on: Vol. 1, no. 15 (Jan. 7, 1817).</subfield></datafield><datafield ind1=" " ind2="0" tag="651"><subfield code="a">Exeter (N.H.)</subfield><subfield code="v">Newspapers.</subfield></datafield><datafield ind1=" " ind2="7" tag="655"><subfield code="a">Newspapers.</subfield><subfield code="2">rbgenr</subfield></datafield><datafield ind1=" " ind2="7" tag="655"><subfield code="a">Newspapers.</subfield><subfield code="2">fast</subfield><subfield code="0">(OCoLC)fst01423814</subfield></datafield><datafield ind1=" " ind2="7" tag="651"><subfield code="a">New Hampshire</subfield><subfield code="z">Exeter.</subfield><subfield code="2">fast</subfield><subfield code="0">(OCoLC)fst01204490</subfield></datafield><datafield ind1="1" ind2=" " tag="700"><subfield code="a">Ranlet, Henry A.,</subfield><subfield code="d">1793?-1818,</subfield><subfield code="e">publisher.</subfield></datafield><datafield ind1="1" ind2=" " tag="700"><subfield code="a">Boardman, Nathaniel,</subfield><subfield code="d">-1823,</subfield><subfield code="e">publisher.</subfield></datafield><datafield ind1="1" ind2=" " tag="700"><subfield code="a">Williams, John J.,</subfield><subfield code="d">1795?-1845,</subfield><subfield code="e">printer.</subfield></datafield><datafield ind1=" " ind2=" " tag="752"><subfield code="a">United States</subfield><subfield code="b">New Hampshire</subfield><subfield code="c">Rockingham</subfield><subfield code="d">Exeter.</subfield></datafield><datafield ind1="0" ind2="0" tag="780"><subfield code="t">Watchman (Exeter, N.H.)</subfield><subfield code="w">(DLC)sn 84021236</subfield><subfield code="w">(OCoLC)10765300</subfield></datafield><datafield ind1="0" ind2="0" tag="785"><subfield code="t">Exeter watchman and agricultural repository</subfield><subfield code="w">(DLC)sn 84023138</subfield><subfield code="w">(OCoLC)10765455</subfield></datafield></record>